<record><leader>00000cas a22000007a 4500</leader><controlfield tag="001">11224060</controlfield><controlfield tag="008">841003d18451847ohuwr ne      0   a0eng d</controlfield><datafield ind1=" " ind2=" " tag="010"><subfield code="a">sn 84024204 </subfield></datafield><datafield ind1=" " ind2=" " tag="040"><subfield code="a">NPV</subfield><subfield code="b">eng</subfield><subfield code="c">NPV</subfield><subfield code="d">NPX</subfield><subfield code="d">ONP</subfield><subfield code="d">OCLCQ</subfield></datafield><datafield ind1=" " ind2=" " tag="042"><subfield code="a">msc</subfield></datafield><datafield ind1="0" ind2="0" tag="245"><subfield code="a">Pike County tocsin.</subfield></datafield><datafield ind1="3" ind2="0" tag="246"><subfield code="a">Tocsin</subfield></datafield><datafield ind1=" " ind2=" " tag="260"><subfield code="a">Piketon, Pike County, Ohio :</subfield><subfield code="b">E. Bration</subfield></datafield><datafield ind1=" " ind2=" " tag="300"><subfield code="a">v. :</subfield><subfield code="b">ill. (chiefly adv.) ;</subfield><subfield code="c">53 cm.</subfield></datafield><datafield ind1=" " ind2=" " tag="310"><subfield code="a">Weekly</subfield></datafield><datafield ind1="1" ind2=" " tag="362"><subfield code="a">Began in 1845; ceased in July 1847?</subfield><subfield code="z">Cf. Gregory, W. Amer. newspapers.</subfield></datafield><datafield ind1=" " ind2=" " tag="588"><subfield code="a">Description based on: Vol. 1, no. 28 (Oct. 16, 1845).</subfield></datafield><datafield ind1=" " ind2=" " tag="752"><subfield code="a">United States</subfield><subfield code="b">Ohio</subfield><subfield code="c">Pike</subfield><subfield code="d">Piketon.</subfield></datafield><datafield ind1="0" ind2="0" tag="785"><subfield code="t">Piketon journal</subfield><subfield code="w">(DLC)sn 85026320</subfield></datafield></record>